@techreport{qiu2025termination_nwf_v2_acceptedgcm,
  TITLE \mathop{=} {{Termination of Graph Rewriting using Weighted Type Graphs over Non-well-founded Semirings}},
  AUTHOR \mathop{=} {Qiu, Qi},
  URL \mathop{=} {https://hal.science/hal-04954960v2},
  INSTITUTION \mathop{=} {{Universite Claude Bernard Lyon 1 (UCBL), Lyon, FRA.}},
  YEAR \mathop{=} {2025},
  MONTH \mathop{=} Feb,
  KEYWORDS \mathop{=} {Automated reasoning Program verification Termination Graph transformation Weighted type graph ; Automated reasoning ; Program verification ; Termination ; Graph transformation ; Weighted type graph},
  PDF \mathop{=} {https://hal.science/hal-04954960v2/file/type_graph_non_WF_simp_copy.pdf},
  HAL_ID \mathop{=} {hal-04954960},
  HAL_VERSION \mathop{=} {v2},
}

@inproceedings{z3realarithmetic,
  author       \mathop{=} {Dejan Jovanovic and
                  Leonardo Mendon{\c{c}}a de Moura},
  editor       \mathop{=} {Bernhard Gramlich and
                  Dale Miller and
                  Uli Sattler}, 
  title        \mathop{=} {Solving Non-linear Arithmetic},
  booktitle    \mathop{=} {Automated Reasoning - 6th International Joint Conference, {IJCAR}
                  2012, Manchester, UK, June 26-29, 2012. Proceedings},
  series       \mathop{=} {Lecture Notes in Computer Science},
  volume       \mathop{=} {7364},
  pages        \mathop{=} {339--354},
  publisher    \mathop{=} {Springer},
  year         \mathop{=} {2012},
  url          \mathop{=} {https://doi.org/10.1007/978-3-642-31365-3\_27},
  doi          \mathop{=} {10.1007/978-3-642-31365-3\_27},
  timestamp    \mathop{=} {Tue, 14 May 2019 10:00:39 +0200},
  biburl       \mathop{=} {https://dblp.org/rec/conf/cade/JovanovicM12.bib},
  bibsource    \mathop{=} {dblp computer science bibliography, https://dblp.org}
}

@inproceedings{yices,
  author       \mathop{=} {Bruno Dutertre},
  editor       \mathop{=} {Armin Biere and
                  Roderick Bloem},
  title        \mathop{=} {Yices 2.2},
  booktitle    \mathop{=} {Computer Aided Verification - 26th International Conference, {CAV}
                  2014, Held as Part of the Vienna Summer of Logic, {VSL} 2014, Vienna,
                  Austria, July 18-22, 2014. Proceedings},
  series       \mathop{=} {Lecture Notes in Computer Science},
  volume       \mathop{=} {8559},
  pages        \mathop{=} {737--744},
  publisher    \mathop{=} {Springer},
  year         \mathop{=} {2014},
  url          \mathop{=} {https://doi.org/10.1007/978-3-319-08867-9\_49},
  doi          \mathop{=} {10.1007/978-3-319-08867-9\_49},
  timestamp    \mathop{=} {Mon, 03 Jan 2022 22:13:44 +0100},
  biburl       \mathop{=} {https://dblp.org/rec/conf/cav/Dutertre14.bib},
  bibsource    \mathop{=} {dblp computer science bibliography, https://dblp.org}
}

@InProceedings{arithmetic2024z3,
author="Bj{\o}rner, Nikolaj
and Nachmanson, Lev",
editor="Gurfinkel, Arie
and Ganesh, Vijay",
title="Arithmetic Solving in Z3",
booktitle="Computer Aided Verification",
year="2024",
publisher="Springer Nature Switzerland",
address="Cham",
pages="26--41",
abstract="The theory of arithmetic is integral to many uses of SMT solvers. Z3 has implemented native solvers for arithmetic reasoning since its first release. We present a full re-implementation of Z3's original arithmetic solver. It is based on substantial experiences from user feedback, engineering and experimentation. While providing a comprehensive overview of the main components we emphasize selected new insights we arrived at while developing and testing the solver.",
isbn="978-3-031-65627-9"
}



@article{z3ilp_cutsat,
  author       \mathop{=} {Dejan Jovanovic and
                  Leonardo Mendon{\c{c}}a de Moura},
  title        \mathop{=} {Cutting to the Chase - Solving Linear Integer Arithmetic},
  journal      \mathop{=} {J. Autom. Reason.},
  volume       \mathop{=} {51},
  number       \mathop{=} {1},
  pages        \mathop{=} {79--108},
  year         \mathop{=} {2013},
  url          \mathop{=} {https://doi.org/10.1007/s10817-013-9281-x},
  doi          \mathop{=} {10.1007/S10817-013-9281-X},
  timestamp    \mathop{=} {Wed, 02 Sep 2020 13:29:44 +0200},
  biburl       \mathop{=} {https://dblp.org/rec/journals/jar/JovanovicM13.bib},
  bibsource    \mathop{=} {dblp computer science bibliography, https://dblp.org}
}

@inproceedings{de2008z3,
  author       \mathop{=} {Leonardo Mendon{\c{c}}a de Moura and
                  Nikolaj S. Bj{\o}rner},
  editor       \mathop{=} {C. R. Ramakrishnan and
                  Jakob Rehof},
  title        \mathop{=} {{Z3:} An Efficient {SMT} Solver},
  booktitle    \mathop{=} {Tools and Algorithms for the Construction and Analysis of Systems,
                  14th International Conference, {TACAS} 2008, Held as Part of the Joint
                  European Conferences on Theory and Practice of Software, {ETAPS} 2008,
                  Budapest, Hungary, March 29-April 6, 2008. Proceedings},
  series       \mathop{=} {Lecture Notes in Computer Science},
  volume       \mathop{=} {4963},
  pages        \mathop{=} {337--340},
  publisher    \mathop{=} {Springer},
  year         \mathop{=} {2008},
  url          \mathop{=} {https://doi.org/10.1007/978-3-540-78800-3\_24},
  doi          \mathop{=} {10.1007/978-3-540-78800-3\_24},
  timestamp    \mathop{=} {Mon, 03 Apr 2023 17:23:33 +0200},
  biburl       \mathop{=} {https://dblp.org/rec/conf/tacas/MouraB08.bib},
  bibsource    \mathop{=} {dblp computer science bibliography, https://dblp.org}
}
@article{bruggink2015proving,
  author       \mathop{=} {H. J. Sander Bruggink and
                  Barbara K{\"{o}}nig and
                  Dennis Nolte and
                  Hans Zantema},
  title        \mathop{=} {Proving Termination of Graph Transformation Systems using Weighted
                  Type Graphs over Semirings},
  journal      \mathop{=} {CoRR},
  volume       \mathop{=} {abs/1505.01695},
  year         \mathop{=} {2015},
  url          \mathop{=} {http://arxiv.org/abs/1505.01695},
  eprinttype    \mathop{=} {arXiv},
  eprint       \mathop{=} {1505.01695},
  timestamp    \mathop{=} {Mon, 13 Aug 2018 16:47:03 +0200},
  bibsource    \mathop{=} {dblp computer science bibliography, https://dblp.org}
}

@misc{bruggink2023proving,
      title={Proving Termination of Graph Transformation Systems using Weighted Type Graphs over Semirings}, 
      author={H. J. Sander Bruggink and Barbara König and Dennis Nolte and Hans Zantema},
      year={2023},
      eprint={1505.01695v3},
      archivePrefix={arXiv},
      primaryClass={cs.LO},
}

@inproceedings{bruggink2014termination,
  author       \mathop{=} {H. J. Sander Bruggink and
                  Barbara K{\"{o}}nig and
                  Hans Zantema},
  editor       \mathop{=} {Josep D{\'{\i}}az and
                  Ivan Lanese and
                  Davide Sangiorgi},
  title        \mathop{=} {Termination Analysis for Graph Transformation Systems},
  booktitle    \mathop{=} {Theoretical Computer Science - 8th {IFIP} {TC} 1/WG 2.2 International
                  Conference, {TCS} 2014, Rome, Italy, September 1-3, 2014. Proceedings},
  series       \mathop{=} {Lecture Notes in Computer Science},
  volume       \mathop{=} {8705},
  pages        \mathop{=} {179--194},
  publisher    \mathop{=} {Springer},
  year         \mathop{=} {2014},
  doi          \mathop{=} {10.1007/978-3-662-44602-7\_15},
  timestamp    \mathop{=} {Tue, 14 May 2019 10:00:36 +0200},
  bibsource    \mathop{=} {dblp computer science bibliography, https://dblp.org}
}

@book{barr1990category,
  author       \mathop{=} {Michael Barr and
                  Charles Wells},
  title        \mathop{=} {Category theory for computing science {(2.} ed.)},
  series       \mathop{=} {Prentice Hall international series in computer science},
  publisher    \mathop{=} {Prentice Hall},
  year         \mathop{=} {1995},
  isbn         \mathop{=} {978-0-13-323809-9},
  timestamp    \mathop{=} {Wed, 27 Apr 2011 17:30:30 +0200},
  bibsource    \mathop{=} {dblp computer science bibliography, https://dblp.org}
}
@inbook{litovsky1999graph,
author \mathop{=} {Litovsky, Igor and M\'{e}tivier, Yves and Sopena, \'{E}ric},
title \mathop{=} {Graph relabelling systems and distributed algorithms},
year \mathop{=} {1999},
isbn \mathop{=} {981024021X},
publisher \mathop{=} {World Scientific Publishing Co., Inc.},
address \mathop{=} {USA},
booktitle \mathop{=} {Handbook of Graph Grammars and Computing by Graph Transformation: Vol. 3: Concurrency, Parallelism, and Distribution},
pages \mathop{=} {1–56},
numpages \mathop{=} {56}
}
@article{endrullis2023graphpbpo_JLAMP,
  author       \mathop{=} {Roy Overbeek and
                  J{\"{o}}rg Endrullis and
                  Alo{\"{\i}}s Rosset},
  title        \mathop{=} {Graph rewriting and relabeling with PBPO\({}^{\mbox{+}}\): {A} unifying
                  theory for quasitoposes},
  journal      \mathop{=} {J. Log. Algebraic Methods Program.},
  volume       \mathop{=} {133},
  pages        \mathop{=} {100873},
  year         \mathop{=} {2023},
  url          \mathop{=} {https://doi.org/10.1016/j.jlamp.2023.100873},
  doi          \mathop{=} {10.1016/J.JLAMP.2023.100873},
  timestamp    \mathop{=} {Tue, 01 Apr 2025 19:02:15 +0200},
  bibsource    \mathop{=} {dblp computer science bibliography, https://dblp.org}
}
@incollection{corradini1997algebraic,
  author       \mathop{=} {Andrea Corradini and
                  Ugo Montanari and
                  Francesca Rossi and
                  Hartmut Ehrig and
                  Reiko Heckel and
                  Michael L{\"{o}}we},
  editor       \mathop{=} {Grzegorz Rozenberg},
  title        \mathop{=} {Algebraic Approaches to Graph Transformation - Part {I:} Basic Concepts
                  and Double Pushout Approach},
  booktitle    \mathop{=} {Handbook of Graph Grammars and Computing by Graph Transformations,
                  Volume 1: Foundations},
  pages        \mathop{=} {163--246},
  publisher    \mathop{=} {World Scientific},
  year         \mathop{=} {1997},
  timestamp    \mathop{=} {Tue, 23 Jan 2024 13:25:46 +0100},
  bibsource    \mathop{=} {dblp computer science bibliography, https://dblp.org}
}

@inproceedings{plump2018modular,
  author       \mathop{=} {Detlef Plump},
  editor       \mathop{=} {Reiko Heckel and
                  Gabriele Taentzer},
  title        \mathop{=} {Modular Termination of Graph Transformation},
  booktitle    \mathop{=} {Graph Transformation, Specifications, and Nets - In Memory of Hartmut
                  Ehrig},
  series       \mathop{=} {Lecture Notes in Computer Science},
  volume       \mathop{=} {10800},
  pages        \mathop{=} {231--244},
  publisher    \mathop{=} {Springer},
  year         \mathop{=} {2018},
  doi          \mathop{=} {10.1007/978-3-319-75396-6\_13},
  timestamp    \mathop{=} {Tue, 14 May 2019 10:00:52 +0200},
  bibsource    \mathop{=} {dblp computer science bibliography, https://dblp.org}
}
@inproceedings{litovsky1995checking,
  author       \mathop{=} {Igor Litovsky and
                  Yves M{\'{e}}tivier and
                  {\'{E}}ric Sopena},
  editor       \mathop{=} {Andrea Corradini and
                  Ugo Montanari},
  title        \mathop{=} {Checking global graph properties by means of local computations: the
                  majority problem},
  booktitle    \mathop{=} {Joint {COMPUGRAPH/SEMAGRAPH} Workshop on Graph Rewriting and Computation,
                  {SEGRAGRA} 1995, Volterra, Italy, August 28 - September 1, 1995},
  series       \mathop{=} {Electronic Notes in Theoretical Computer Science},
  volume       \mathop{=} {2},
  pages        \mathop{=} {199--206},
  publisher    \mathop{=} {Elsevier},
  year         \mathop{=} {1995},
  url          \mathop{=} {https://doi.org/10.1016/S1571-0661(05)80197-5},
  doi          \mathop{=} {10.1016/S1571-0661(05)80197-5},
  timestamp    \mathop{=} {Fri, 11 Nov 2022 13:14:20 +0100},
  bibsource    \mathop{=} {dblp computer science bibliography, https://dblp.org}
}

@misc{endrullis2024generalized_arxiv_v2,
      title={Generalized Weighted Type Graphs for Termination of Graph Transformation Systems}, 
      author={J. Endrullis and R. Overbeek},
      year={2024},
      eprint={2307.07601v2},
      archivePrefix={arXiv},
      primaryClass={cs.LO},
}

@misc{endrullis2024generalized_arxiv_v3,
      title={Termination of Graph Transformation Systems via Generalized Weighted Type Graphs}, 
      author={Jörg Endrullis and Roy Overbeek},
      year={2024},
      eprint={2307.07601v3},
      archivePrefix={arXiv},
      primaryClass={cs.LO},
}

@inproceedings{endrullis2024generalized_icgt,
  author       \mathop{=} {J{\"{o}}rg Endrullis and
                  Roy Overbeek},
  editor       \mathop{=} {Russ Harmer and
                  Jens Kosiol},
  title        \mathop{=} {Generalized Weighted Type Graphs for Termination of Graph Transformation
                  Systems},
  booktitle    \mathop{=} {Graph Transformation - 17th International Conference, {ICGT} 2024,
                  Held as Part of {STAF} 2024, Enschede, The Netherlands, July 10-11,
                  2024, Proceedings},
  series       \mathop{=} {Lecture Notes in Computer Science},
  volume       \mathop{=} {14774},
  pages        \mathop{=} {39--58},
  publisher    \mathop{=} {Springer},
  year         \mathop{=} {2024},
  doi          \mathop{=} {10.1007/978-3-031-64285-2\_3},
  timestamp    \mathop{=} {Sun, 04 Aug 2024 19:44:09 +0200},
  bibsource    \mathop{=} {dblp computer science bibliography, https://dblp.org}
}
@inproceedings{KoprowskiW08,
  author       \mathop{=} {Adam Koprowski and
                  Johannes Waldmann},
  editor       \mathop{=} {Andrei Voronkov},
  title        \mathop{=} {Arctic Termination ...Below Zero},
  booktitle    \mathop{=} {Rewriting Techniques and Applications, 19th International Conference,
                  {RTA} 2008, Hagenberg, Austria, July 15-17, 2008, Proceedings},
  series       \mathop{=} {Lecture Notes in Computer Science},
  volume       \mathop{=} {5117},
  pages        \mathop{=} {202--216},
  publisher    \mathop{=} {Springer},
  year         \mathop{=} {2008},
  url          \mathop{=} {https://doi.org/10.1007/978-3-540-70590-1\_14},
  doi          \mathop{=} {10.1007/978-3-540-70590-1\_14},
  timestamp    \mathop{=} {Tue, 14 May 2019 10:00:46 +0200},
  bibsource    \mathop{=} {dblp computer science bibliography, https://dblp.org}
}
@article{EndrullisWZ08,
  author       \mathop{=} {J{\"{o}}rg Endrullis and
                  Johannes Waldmann and
                  Hans Zantema},
  title        \mathop{=} {Matrix Interpretations for Proving Termination of Term Rewriting},
  journal      \mathop{=} {J. Autom. Reason.},
  volume       \mathop{=} {40},
  number       \mathop{=} {2-3},
  pages        \mathop{=} {195--220},
  year         \mathop{=} {2008},
  url          \mathop{=} {https://doi.org/10.1007/s10817-007-9087-9},
  doi          \mathop{=} {10.1007/S10817-007-9087-9},
  timestamp    \mathop{=} {Sun, 02 Oct 2022 15:40:05 +0200},
  bibsource    \mathop{=} {dblp computer science bibliography, https://dblp.org}
}
@article{overbeek2024termination_lmcs,
    title      \mathop{=} {Termination of Graph Transformation Systems Using Weighted Subgraph Counting},
    author     \mathop{=} {Roy Overbeek and Jörg Endrullis},
    doi        \mathop{=} {10.46298/lmcs-20(4:12)2024},
    journal    \mathop{=} {Logical Methods in Computer Science},
    issn       \mathop{=} {1860-5974},
    volume     \mathop{=} {Volume 20, Issue 4},
    eid        \mathop{=} 12,
    year       \mathop{=} {2024},
    month      \mathop{=} {Nov},
    keywords   \mathop{=} {Computer Science - Logic in Computer Science},
}
@inproceedings{DBLP:conf/fossacs/LackS04,
  author       \mathop{=} {Stephen Lack and
                  Pawel Sobocinski},
  editor       \mathop{=} {Igor Walukiewicz},
  title        \mathop{=} {Adhesive Categories},
  booktitle    \mathop{=} {Foundations of Software Science and Computation Structures, 7th International
                  Conference, {FOSSACS} 2004, Held as Part of the Joint European Conferences
                  on Theory and Practice of Software, {ETAPS} 2004, Barcelona, Spain,
                  March 29 - April 2, 2004, Proceedings},
  series       \mathop{=} {Lecture Notes in Computer Science},
  volume       \mathop{=} {2987},
  pages        \mathop{=} {273--288},
  publisher    \mathop{=} {Springer},
  year         \mathop{=} {2004},
  url          \mathop{=} {https://doi.org/10.1007/978-3-540-24727-2\_20},
  doi          \mathop{=} {10.1007/978-3-540-24727-2\_20},
  timestamp    \mathop{=} {Tue, 21 Apr 2020 10:56:16 +0200},
  bibsource    \mathop{=} {dblp computer science bibliography, https://dblp.org}
} 

@phdthesis{geser1990relative,
  author       \mathop{=} {Alfons Geser},
  title        \mathop{=} {Relative Termination},
  school       \mathop{=} {University of Passau, Germany},
  year         \mathop{=} {1990},
  url          \mathop{=} {http://vts.uni-ulm.de/docs/2012/8146/vts\_8146\_11884.pdf},
  urn          \mathop{=} {urn:nbn:de:bsz:289-vts-81465},
  timestamp    \mathop{=} {Sat, 17 Jul 2021 09:03:02 +0200},
  bibsource    \mathop{=} {dblp computer science bibliography, https://dblp.org}
}
@inproceedings{overbeek2023apbpotutorial,
  author       \mathop{=} {Roy Overbeek and
                  J{\"{o}}rg Endrullis},
  editor       \mathop{=} {Clemens Grabmayer},
  title        \mathop{=} {A {PBPO+} Graph Rewriting Tutorial},
  booktitle    \mathop{=} {Proceedings Twelfth International Workshop on Computing with Terms
                  and Graphs, TERMGRAPH@FSCD 2022, Technion, Haifa, Israel, 1st August
                  2022},
  series       \mathop{=} {{EPTCS}},
  volume       \mathop{=} {377},
  pages        \mathop{=} {45--63},
  year         \mathop{=} {2022},
  doi          \mathop{=} {10.4204/EPTCS.377.3},
  timestamp    \mathop{=} {Tue, 01 Apr 2025 18:58:26 +0200},
  bibsource    \mathop{=} {dblp computer science bibliography, https://dblp.org}
}
@article{maclane2013categories,
  author       \mathop{=} {Jessica Carter},
  title        \mathop{=} {Categories for the working mathematician: making the impossible possible},
  journal      \mathop{=} {Synth.},
  volume       \mathop{=} {162},
  number       \mathop{=} {1},
  pages        \mathop{=} {1--13},
  year         \mathop{=} {2008},
  url          \mathop{=} {https://doi.org/10.1007/s11229-007-9166-9},
  doi          \mathop{=} {10.1007/S11229-007-9166-9},
  timestamp    \mathop{=} {Thu, 09 Jul 2020 22:48:36 +0200},
  bibsource    \mathop{=} {dblp computer science bibliography, https://dblp.org}
}
@inproceedings{lowe2010graph,
  author       \mathop{=} {Michael L{\"{o}}we},
  editor       \mathop{=} {Hartmut Ehrig and
                  Arend Rensink and
                  Grzegorz Rozenberg and
                  Andy Sch{\"{u}}rr},
  title        \mathop{=} {Graph Rewriting in Span-Categories},
  booktitle    \mathop{=} {Graph Transformations - 5th International Conference, {ICGT} 2010,
                  Enschede, The Netherlands, September 27 - - October 2, 2010. Proceedings},
  series       \mathop{=} {Lecture Notes in Computer Science},
  volume       \mathop{=} {6372},
  pages        \mathop{=} {218--233},
  publisher    \mathop{=} {Springer},
  year         \mathop{=} {2010},
  doi          \mathop{=} {10.1007/978-3-642-15928-2\_15},
  timestamp    \mathop{=} {Sun, 02 Jun 2019 21:16:19 +0200},
  bibsource    \mathop{=} {dblp computer science bibliography, https://dblp.org}
} 
@book{ehrig2006fundamentals,
  author       \mathop{=} {Hartmut Ehrig and
                  Karsten Ehrig and
                  Ulrike Prange and
                  Gabriele Taentzer},
  title        \mathop{=} {Fundamentals of Algebraic Graph Transformation},
  series       \mathop{=} {Monographs in Theoretical Computer Science. An {EATCS} Series},
  publisher    \mathop{=} {Springer},
  year         \mathop{=} {2006},
  url          \mathop{=} {https://doi.org/10.1007/3-540-31188-2},
  doi          \mathop{=} {10.1007/3-540-31188-2},
  isbn         \mathop{=} {978-3-540-31187-4},
  timestamp    \mathop{=} {Sun, 02 Jun 2019 20:42:16 +0200},
  bibsource    \mathop{=} {dblp computer science bibliography, https://dblp.org}
}
@article{behr2021concurrency,
  author       \mathop{=} {Nicolas Behr and
                  Russ Harmer and
                  Jean Krivine},
  title        \mathop{=} {Concurrency Theorems for Non-linear Rewriting Theories},
  journal      \mathop{=} {CoRR},
  volume       \mathop{=} {abs/2105.02842},
  year         \mathop{=} {2021},
  url          \mathop{=} {https://arxiv.org/abs/2105.02842},
  eprinttype    \mathop{=} {arXiv},
  eprint       \mathop{=} {2105.02842},
  timestamp    \mathop{=} {Fri, 14 May 2021 12:13:30 +0200},
  bibsource    \mathop{=} {dblp computer science bibliography, https://dblp.org}
}
@article{behr2023fundamentals,
  author       \mathop{=} {Nicolas Behr and
                  Russ Harmer and
                  Jean Krivine},
  title        \mathop{=} {Fundamentals of compositional rewriting theory},
  journal      \mathop{=} {J. Log. Algebraic Methods Program.},
  volume       \mathop{=} {135},
  pages        \mathop{=} {100893},
  year         \mathop{=} {2023},
  url          \mathop{=} {https://doi.org/10.1016/j.jlamp.2023.100893},
  doi          \mathop{=} {10.1016/J.JLAMP.2023.100893},
  timestamp    \mathop{=} {Sat, 14 Oct 2023 20:13:26 +0200},
  bibsource    \mathop{=} {dblp computer science bibliography, https://dblp.org}
}
 
@inproceedings{heiser2010theroad,
  author       \mathop{=} {Gernot Heiser and
                  June Andronick and
                  Kevin Elphinstone and
                  Gerwin Klein and
                  Ihor Kuz and
                  Leonid Ryzhyk},
  editor       \mathop{=} {Shouhuai Xu and
                  N. Asokan and
                  Ahmad{-}Reza Sadeghi},
  title        \mathop{=} {The road to trustworthy systems},
  booktitle    \mathop{=} {Proceedings of the fifth {ACM} workshop on Scalable trusted computing,
                  STC@CCS 2010, Chicago, IL, USA, October 4, 2010},
  pages        \mathop{=} {3--10},
  publisher    \mathop{=} {{ACM}},
  year         \mathop{=} {2010},
  timestamp    \mathop{=} {Tue, 10 Nov 2020 16:06:16 +0100},
  bibsource    \mathop{=} {dblp computer science bibliography, https://dblp.org}
}
@InProceedings{fischer1998super,
author="Fischer, Michael J.
and Rabin, Michael O.",
editor="Caviness, Bob F.
and Johnson, Jeremy R.",
title="Super-Exponential Complexity of Presburger Arithmetic",
booktitle="Quantifier Elimination and Cylindrical Algebraic Decomposition",
year="1998",
publisher="Springer Vienna",
address="Vienna",
pages="122--135",
isbn="978-3-7091-9459-1"
}

@article{dershowitz1987termination,
  author       \mathop{=} {Nachum Dershowitz},
  title        \mathop{=} {Termination of Rewriting},
  journal      \mathop{=} {J. Symb. Comput.},
  volume       \mathop{=} {3},
  number       \mathop{=} {1/2},
  pages        \mathop{=} {69--116},
  year         \mathop{=} {1987},
  url          \mathop{=} {https://doi.org/10.1016/S0747-7171(87)80022-6},
  doi          \mathop{=} {10.1016/S0747-7171(87)80022-6},
  timestamp    \mathop{=} {Wed, 17 Feb 2021 08:57:06 +0100},
  bibsource    \mathop{=} {dblp computer science bibliography, https://dblp.org}
}
@incollection{harrison2011formal,
  author       \mathop{=} {John Harrison},
  editor       \mathop{=} {Manfred Broy and
                  Christian Leuxner and
                  Tony Hoare},
  title        \mathop{=} {Formal Verification},
  booktitle    \mathop{=} {Software and Systems Safety - Specification and Verification},
  series       \mathop{=} {{NATO} Science for Peace and Security Series - {D:} Information and
                  Communication Security},
  volume       \mathop{=} {30},
  pages        \mathop{=} {103--157},
  publisher    \mathop{=} {{IOS} Press},
  year         \mathop{=} {2011},
  url          \mathop{=} {https://doi.org/10.3233/978-1-60750-711-6-103},
  doi          \mathop{=} {10.3233/978-1-60750-711-6-103},
  timestamp    \mathop{=} {Thu, 05 Sep 2019 14:51:32 +0200},
  bibsource    \mathop{=} {dblp computer science bibliography, https://dblp.org}
}
@article{plump1998terminationundecidable,
  author       \mathop{=} {Detlef Plump},
  title        \mathop{=} {Termination of Graph Rewriting is Undecidable},
  journal      \mathop{=} {Fundam. Informaticae},
  volume       \mathop{=} {33},
  number       \mathop{=} {2},
  pages        \mathop{=} {201--209},
  year         \mathop{=} {1998},
  url          \mathop{=} {https://doi.org/10.3233/FI-1998-33204},
  doi          \mathop{=} {10.3233/FI-1998-33204},
  timestamp    \mathop{=} {Fri, 18 Sep 2020 11:15:36 +0200},
  bibsource    \mathop{=} {dblp computer science bibliography, https://dblp.org}
}
@inproceedings{zantema2014termination,
  author       \mathop{=} {Hans Zantema and
                  Barbara K{\"{o}}nig and
                  H. J. Sander Bruggink},
  editor       \mathop{=} {Gilles Dowek},
  title        \mathop{=} {Termination of Cycle Rewriting},
  booktitle    \mathop{=} {Rewriting and Typed Lambda Calculi - Joint International Conference,
                  {RTA-TLCA} 2014, Held as Part of the Vienna Summer of Logic, {VSL}
                  2014, Vienna, Austria, July 14-17, 2014. Proceedings},
  series       \mathop{=} {Lecture Notes in Computer Science},
  volume       \mathop{=} {8560},
  pages        \mathop{=} {476--490},
  publisher    \mathop{=} {Springer},
  year         \mathop{=} {2014},
  doi          \mathop{=} {10.1007/978-3-319-08918-8\_33},
  timestamp    \mathop{=} {Tue, 14 May 2019 10:00:46 +0200},
  bibsource    \mathop{=} {dblp computer science bibliography, https://dblp.org}
}
 
@incollection{harrison2014history,
  author       \mathop{=} {John Harrison and
                  Josef Urban and
                  Freek Wiedijk},
  editor       \mathop{=} {J{\"{o}}rg H. Siekmann},
  title        \mathop{=} {History of Interactive Theorem Proving},
  booktitle    \mathop{=} {Computational Logic},
  series       \mathop{=} {Handbook of the History of Logic},
  volume       \mathop{=} {9},
  pages        \mathop{=} {135--214},
  publisher    \mathop{=} {Elsevier},
  year         \mathop{=} {2014},
  doi          \mathop{=} {10.1016/B978-0-444-51624-4.50004-6},
  timestamp    \mathop{=} {Thu, 05 Sep 2019 14:51:32 +0200},
  bibsource    \mathop{=} {dblp computer science bibliography, https://dblp.org}
}
@incollection{potop2019formal,
  author       \mathop{=} {Maria Potop{-}Butucaru and
                  Nathalie Sznajder and
                  S{\'{e}}bastien Tixeuil and
                  Xavier Urbain},
  editor       \mathop{=} {Paola Flocchini and
                  Giuseppe Prencipe and
                  Nicola Santoro},
  title        \mathop{=} {Formal Methods for Mobile Robots},
  booktitle    \mathop{=} {Distributed Computing by Mobile Entities, Current Research in Moving
                  and Computing},
  series       \mathop{=} {Lecture Notes in Computer Science},
  volume       \mathop{=} {11340},
  pages        \mathop{=} {278--313},
  publisher    \mathop{=} {Springer},
  year         \mathop{=} {2019},
  doi          \mathop{=} {10.1007/978-3-030-11072-7\_12},
  timestamp    \mathop{=} {Tue, 14 May 2019 10:00:55 +0200},
  bibsource    \mathop{=} {dblp computer science bibliography, https://dblp.org}
}

@inproceedings{giesl2014proving,
  author       \mathop{=} {J{\"{u}}rgen Giesl and
                  Marc Brockschmidt and
                  Fabian Emmes and
                  Florian Frohn and
                  Carsten Fuhs and
                  Carsten Otto and
                  Martin Pl{\"{u}}cker and
                  Peter Schneider{-}Kamp and
                  Thomas Str{\"{o}}der and
                  Stephanie Swiderski and
                  Ren{\'{e}} Thiemann},
  editor       \mathop{=} {St{\'{e}}phane Demri and
                  Deepak Kapur and
                  Christoph Weidenbach},
  title        \mathop{=} {Proving Termination of Programs Automatically with \text{AProVE}},
  booktitle    \mathop{=} {Automated Reasoning - 7th International Joint Conference, {IJCAR}
                  2014, Held as Part of the Vienna Summer of Logic, {VSL} 2014, Vienna,
                  Austria, July 19-22, 2014. Proceedings},
  series       \mathop{=} {Lecture Notes in Computer Science},
  volume       \mathop{=} {8562},
  pages        \mathop{=} {184--191},
  publisher    \mathop{=} {Springer},
  year         \mathop{=} {2014},
  doi          \mathop{=} {10.1007/978-3-319-08587-6\_13},
  timestamp    \mathop{=} {Mon, 03 Mar 2025 20:59:02 +0100},
  bibsource    \mathop{=} {dblp computer science bibliography, https://dblp.org}
}


@inproceedings{contejean2011automated,
  author       \mathop{=} {Evelyne Contejean and
                  Pierre Courtieu and
                  Julien Forest and
                  Olivier Pons and
                  Xavier Urbain},
  editor       \mathop{=} {Manfred Schmidt{-}Schau{\ss}},
  title        \mathop{=} {Automated Certified Proofs with \text{CiME3}},
  booktitle    \mathop{=} {Proceedings of the 22nd International Conference on Rewriting Techniques
                  and Applications, {RTA} 2011, May 30 - June 1, 2011, Novi Sad, Serbia},
  series       \mathop{=} {LIPIcs},
  volume       \mathop{=} {10},
  pages        \mathop{=} {21--30},
  publisher    \mathop{=} {Schloss Dagstuhl - Leibniz-Zentrum f{\"{u}}r Informatik},
  year         \mathop{=} {2011},
  doi          \mathop{=} {10.4230/LIPICS.RTA.2011.21},
  timestamp    \mathop{=} {Tue, 11 Feb 2020 15:52:14 +0100},
  bibsource    \mathop{=} {dblp computer science bibliography, https://dblp.org}
}
@inproceedings{courtieu2016certified,
  author       \mathop{=} {Pierre Courtieu and
                  Lionel Rieg and
                  S{\'{e}}bastien Tixeuil and
                  Xavier Urbain},
  editor       \mathop{=} {Cyril Gavoille and
                  David Ilcinkas},
  title        \mathop{=} {Certified Universal Gathering in $\mathbb{R}^2$
                  for Oblivious Mobile Robots},
  booktitle    \mathop{=} {Distributed Computing - 30th International Symposium, {DISC} 2016,
                  Paris, France, September 27-29, 2016. Proceedings},
  series       \mathop{=} {Lecture Notes in Computer Science},
  volume       \mathop{=} {9888},
  pages        \mathop{=} {187--200},
  publisher    \mathop{=} {Springer},
  year         \mathop{=} {2016},
  doi          \mathop{=} {10.1007/978-3-662-53426-7\_14},
  timestamp    \mathop{=} {Tue, 14 May 2019 10:00:54 +0200},
  bibsource    \mathop{=} {dblp computer science bibliography, https://dblp.org}
}

@incollection{lamport2019thebyzantine,
  author       \mathop{=} {Leslie Lamport and
                  Robert E. Shostak and
                  Marshall C. Pease},
  editor       \mathop{=} {Dahlia Malkhi},
  title        \mathop{=} {The Byzantine generals problem},
  booktitle    \mathop{=} {Concurrency: the Works of Leslie Lamport},
  pages        \mathop{=} {203--226},
  publisher    \mathop{=} {{ACM}},
  year         \mathop{=} {2019},
  doi          \mathop{=} {10.1145/3335772.3335936},
  timestamp    \mathop{=} {Tue, 07 Apr 2020 17:11:02 +0200},
  bibsource    \mathop{=} {dblp computer science bibliography, https://dblp.org}
}
@article{plump2024formalisingDPO,
  author       \mathop{=} {Robert S{\"{o}}ldner and
                  Detlef Plump},
  title        \mathop{=} {Formalising the Double-Pushout Approach to Graph Transformation},
  journal      \mathop{=} {Log. Methods Comput. Sci.},
  volume       \mathop{=} {20},
  number       \mathop{=} {4},
  year         \mathop{=} {2024},
  doi          \mathop{=} {10.46298/LMCS-20(4:3)2024},
  timestamp    \mathop{=} {Mon, 14 Oct 2024 17:07:54 +0200},
  bibsource    \mathop{=} {dblp computer science bibliography, https://dblp.org}
}


@inproceedings{bauderon1995auniform,
  author       \mathop{=} {Michel Bauderon},
  editor       \mathop{=} {Manfred Nagl},
  title        \mathop{=} {A Uniform Approach to Graph Rewriting: The Pullback Approach},
  booktitle    \mathop{=} {Graph-Theoretic Concepts in Computer Science, 21st International Workshop,
                  {WG} '95, Aachen, Germany, June 20-22, 1995, Proceedings},
  series       \mathop{=} {Lecture Notes in Computer Science},
  volume       \mathop{=} {1017},
  pages        \mathop{=} {101--115},
  publisher    \mathop{=} {Springer},
  year         \mathop{=} {1995},
  doi          \mathop{=} {10.1007/3-540-60618-1\_69},
  timestamp    \mathop{=} {Thu, 14 Oct 2021 10:32:32 +0200},
  bibsource    \mathop{=} {dblp computer science bibliography, https://dblp.org}
}

@article{overbeek2023graph,
  author       \mathop{=} {Roy Overbeek and
                  J{\"{o}}rg Endrullis and
                  Alo{\"{\i}}s Rosset},
  title        \mathop{=} {Graph rewriting and relabeling with \text{PBPO}\({}^{\mbox{+}}\): {A} unifying
                  theory for quasitoposes},
  journal      \mathop{=} {J. Log. Algebraic Methods Program.},
  volume       \mathop{=} {133},
  pages        \mathop{=} {100873},
  year         \mathop{=} {2023},
  doi          \mathop{=} {10.1016/J.JLAMP.2023.100873},
  timestamp    \mathop{=} {Tue, 01 Apr 2025 19:02:15 +0200},
  bibsource    \mathop{=} {dblp computer science bibliography, https://dblp.org}
}
 @book{nipkow1998term,
  author       \mathop{=} {Franz Baader and
                  Tobias Nipkow},
  title        \mathop{=} {Term rewriting and all that},
  publisher    \mathop{=} {Cambridge University Press},
  year         \mathop{=} {1998},
  isbn         \mathop{=} {978-0-521-45520-6},
  timestamp    \mathop{=} {Thu, 21 Apr 2011 19:59:44 +0200},
  bibsource    \mathop{=} {dblp computer science bibliography, https://dblp.org}
}
@inproceedings{ehrig1973graph,
  author       \mathop{=} {Hartmut Ehrig and
                  Michael Pfender and
                  Hans J{\"{u}}rgen Schneider},
  title        \mathop{=} {Graph-Grammars: An Algebraic Approach},
  booktitle    \mathop{=} {14th Annual Symposium on Switching and Automata Theory, Iowa City,
                  Iowa, USA, October 15-17, 1973},
  pages        \mathop{=} {167--180},
  publisher    \mathop{=} {{IEEE} Computer Society},
  year         \mathop{=} {1973},
  doi          \mathop{=} {10.1109/SWAT.1973.11},
  timestamp    \mathop{=} {Thu, 23 Mar 2023 23:57:53 +0100},
  bibsource    \mathop{=} {dblp computer science bibliography, https://dblp.org}
}

@article{habel2001double,
  author       \mathop{=} {Annegret Habel and
                  J{\"{u}}rgen M{\"{u}}ller and
                  Detlef Plump},
  title        \mathop{=} {Double-pushout graph transformation revisited},
  journal      \mathop{=} {Math. Struct. Comput. Sci.},
  volume       \mathop{=} {11},
  number       \mathop{=} {5},
  pages        \mathop{=} {637--688},
  year         \mathop{=} {2001},
  doi          \mathop{=} {10.1017/S0960129501003425},
  timestamp    \mathop{=} {Wed, 01 Apr 2020 08:48:42 +0200},
  bibsource    \mathop{=} {dblp computer science bibliography, https://dblp.org}
}

@inproceedings{habel1998double,
  author       \mathop{=} {Annegret Habel and
                  J{\"{u}}rgen M{\"{u}}ller and
                  Detlef Plump},
  editor       \mathop{=} {Hartmut Ehrig and
                  Gregor Engels and
                  Hans{-}J{\"{o}}rg Kreowski and
                  Grzegorz Rozenberg},
  title        \mathop{=} {Double-Pushout Approach with Injective Matching},
  booktitle    \mathop{=} {Theory and Application of Graph Transformations, 6th International
                  Workshop, TAGT'98, Paderborn, Germany, November 16-20, 1998, Selected
                  Papers},
  series       \mathop{=} {Lecture Notes in Computer Science},
  volume       \mathop{=} {1764},
  pages        \mathop{=} {103--116},
  publisher    \mathop{=} {Springer},
  year         \mathop{=} {1998},
  doi          \mathop{=} {10.1007/978-3-540-46464-8\_8},
  timestamp    \mathop{=} {Tue, 14 May 2019 10:00:40 +0200},
  bibsource    \mathop{=} {dblp computer science bibliography, https://dblp.org}
}

@inproceedings{habel2002Relabelling,
  author       \mathop{=} {Annegret Habel and
                  Detlef Plump},
  editor       \mathop{=} {Andrea Corradini and
                  Hartmut Ehrig and
                  Hans{-}J{\"{o}}rg Kreowski and
                  Grzegorz Rozenberg},
  title        \mathop{=} {Relabelling in Graph Transformation},
  booktitle    \mathop{=} {Graph Transformation, First International Conference, {ICGT} 2002,
                  Barcelona, Spain, October 7-12, 2002, Proceedings},
  series       \mathop{=} {Lecture Notes in Computer Science},
  volume       \mathop{=} {2505},
  pages        \mathop{=} {135--147},
  publisher    \mathop{=} {Springer},
  year         \mathop{=} {2002},
  doi          \mathop{=} {10.1007/3-540-45832-8\_12},
  timestamp    \mathop{=} {Sat, 04 Apr 2020 17:15:23 +0200},
  bibsource    \mathop{=} {dblp computer science bibliography, https://dblp.org}
}
 
@inproceedings{konig2018atutorial,
  author       \mathop{=} {Barbara K{\"{o}}nig and
                  Dennis Nolte and
                  Julia Padberg and
                  Arend Rensink},
  editor       \mathop{=} {Reiko Heckel and
                  Gabriele Taentzer},
  title        \mathop{=} {A Tutorial on Graph Transformation},
  booktitle    \mathop{=} {Graph Transformation, Specifications, and Nets - In Memory of Hartmut
                  Ehrig},
  series       \mathop{=} {Lecture Notes in Computer Science},
  volume       \mathop{=} {10800},
  pages        \mathop{=} {83--104},
  publisher    \mathop{=} {Springer},
  year         \mathop{=} {2018},
  doi          \mathop{=} {10.1007/978-3-319-75396-6\_5},
  timestamp    \mathop{=} {Tue, 14 May 2019 10:00:52 +0200},
  bibsource    \mathop{=} {dblp computer science bibliography, https://dblp.org}
}

@inproceedings{plump1995ontermination,
  author       \mathop{=} {Detlef Plump},
  editor       \mathop{=} {Manfred Nagl},
  title        \mathop{=} {On Termination of Graph Rewriting},
  booktitle    \mathop{=} {Graph-Theoretic Concepts in Computer Science, 21st International Workshop,
                  {WG} '95, Aachen, Germany, June 20-22, 1995, Proceedings},
  series       \mathop{=} {Lecture Notes in Computer Science},
  volume       \mathop{=} {1017},
  pages        \mathop{=} {88--100},
  publisher    \mathop{=} {Springer},
  year         \mathop{=} {1995},
  doi          \mathop{=} {10.1007/3-540-60618-1\_68},
  timestamp    \mathop{=} {Thu, 14 Oct 2021 10:32:32 +0200},
  bibsource    \mathop{=} {dblp computer science bibliography, https://dblp.org}
}
@book{pierce1991basic,
  author       \mathop{=} {Benjamin C. Pierce},
  title        \mathop{=} {Basic category theory for computer scientists},
  series       \mathop{=} {Foundations of computing},
  publisher    \mathop{=} {{MIT} Press},
  year         \mathop{=} {1991},
  isbn         \mathop{=} {978-0-262-66071-6},
  timestamp    \mathop{=} {Tue, 19 Apr 2011 17:04:46 +0200},
  bibsource    \mathop{=} {dblp computer science bibliography, https://dblp.org}
}
 
@inproceedings{levendovszky2007termination,
  author       \mathop{=} {Tihamer Levendovszky and
                  Ulrike Prange and
                  Hartmut Ehrig},
  editor       \mathop{=} {Arend Rensink and
                  Reiko Heckel and
                  Barbara K{\"{o}}nig},
  title        \mathop{=} {Termination Criteria for {DPO} Transformations with Injective Matches},
  booktitle    \mathop{=} {Proceedings of the Workshop on Graph Transformation for Concurrency
                  and Verification, GT-VC@CONCUR 2006, Bonn, Germany, August 31, 2006},
  series       \mathop{=} {Electronic Notes in Theoretical Computer Science},
  volume       \mathop{=} {175},
  number       \mathop{=} {4},
  pages        \mathop{=} {87--100},
  publisher    \mathop{=} {Elsevier},
  year         \mathop{=} {2006},
  doi          \mathop{=} {10.1016/J.ENTCS.2007.04.019},
  timestamp    \mathop{=} {Mon, 28 Aug 2023 21:36:17 +0200},
  bibsource    \mathop{=} {dblp computer science bibliography, https://dblp.org}
}
 
@article{bottoni2010atermination,
  author       \mathop{=} {Paolo Bottoni and
                  Francesco Parisi{-}Presicce},
  title        \mathop{=} {A Termination Criterion for Graph Transformations with Negative Application
                  Conditions},
  journal      \mathop{=} {Electron. Commun. Eur. Assoc. Softw. Sci. Technol.},
  volume       \mathop{=} {30},
  year         \mathop{=} {2010},
  doi          \mathop{=} {10.14279/TUJ.ECEASST.30.419},
  timestamp    \mathop{=} {Tue, 25 Aug 2020 16:49:21 +0200},
  bibsource    \mathop{=} {dblp computer science bibliography, https://dblp.org}
}

@techreport{qiu2025termination,
  TITLE \mathop{=} {{Termination of Injective DPO Graph Rewriting Systems using Subgraph Counting}},
  AUTHOR \mathop{=} {Qi Qiu},
  URL \mathop{=} {https://hal.science/hal-04955684},
  INSTITUTION \mathop{=} {{Universite Claude Bernard Lyon 1}},
  YEAR \mathop{=} {2025},
  MONTH \mathop{=} Mar,
  KEYWORDS \mathop{=} {Termination Rewrite system Automated reasoning Program verification Graph transformation ; Termination ; Rewrite system ; Automated reasoning ; Program verification ; Graph transformation},
  PDF \mathop{=} {https://hal.science/hal-04955684v1/file/morphism_counting.pdf},
  HAL_ID \mathop{=} {hal-04955684},
  HAL_VERSION \mathop{=} {v1},
}


@inproceedings{bottoni2005termination,
  author       \mathop{=} {Paolo Bottoni and
                  Manuel Koch and
                  Francesco Parisi{-}Presicce and
                  Gabriele Taentzer},
  editor       \mathop{=} {Mark Minas},
  title        \mathop{=} {Termination of High-Level Replacement Units with Application to Model
                  Transformation},
  booktitle    \mathop{=} {Proceedings of the Workshop on Visual Languages and Formal Methods,
                  {VLFM} 2004, Rome, Italy, September 30, 2004},
  series       \mathop{=} {Electronic Notes in Theoretical Computer Science},
  volume       \mathop{=} {127},
  number       \mathop{=} {4},
  pages        \mathop{=} {71--86},
  publisher    \mathop{=} {Elsevier},
  year         \mathop{=} {2004},
  doi          \mathop{=} {10.1016/J.ENTCS.2004.08.048},
  timestamp    \mathop{=} {Mon, 12 Dec 2022 14:57:57 +0100},
  bibsource    \mathop{=} {dblp computer science bibliography, https://dblp.org}
} 

@incollection{ehrig1997algebraic,
  author       \mathop{=} {Hartmut Ehrig and
                  Reiko Heckel and
                  Martin Korff and
                  Michael L{\"{o}}we and
                  Leila Ribeiro and
                  Annika Wagner and
                  Andrea Corradini},
  editor       \mathop{=} {Grzegorz Rozenberg},
  title        \mathop{=} {Algebraic Approaches to Graph Transformation - Part {II:} Single Pushout
                  Approach and Comparison with Double Pushout Approach},
  booktitle    \mathop{=} {Handbook of Graph Grammars and Computing by Graph Transformations,
                  Volume 1: Foundations},
  pages        \mathop{=} {247--312},
  publisher    \mathop{=} {World Scientific},
  year         \mathop{=} {1997},
  timestamp    \mathop{=} {Sat, 04 Apr 2020 17:15:23 +0200},
  bibsource    \mathop{=} {dblp computer science bibliography, https://dblp.org}
}












@misc{TORPAcyc,
  author       \mathop{=} {Hans Zantema},
  title        \mathop{=} {TORPAcyc},
  howpublished \mathop{=} {\url{https://hzantema.win.tue.nl/torpa.html}},
  year         \mathop{=} {2024},
  note         \mathop{=} {Accessed: 2024-11-07}
}

@misc{grez,
  author       \mathop{=} {Bruggink, H.J. Sander},
  title        \mathop{=} {Grez},
  howpublished \mathop{=} {\url{https://www.ti.inf.uni-due.de/research/tools/grez/}},
  year         \mathop{=} {2024},
  note         \mathop{=} {Accessed: 2024-11-07}
}

@article{lucas2006relative,
  author       \mathop{=} {Salvador Lucas},
  title        \mathop{=} {On the relative power of polynomials with real, rational, and integer
                  coefficients in proofs of termination of rewriting},
  journal      \mathop{=} {Appl. Algebra Eng. Commun. Comput.},
  volume       \mathop{=} {17},
  number       \mathop{=} {1},
  pages        \mathop{=} {49--73},
  year         \mathop{=} {2006},
  url          \mathop{=} {https://doi.org/10.1007/s00200-005-0189-5},
  doi          \mathop{=} {10.1007/S00200-005-0189-5},
  timestamp    \mathop{=} {Mon, 05 Jun 2017 12:37:42 +0200},
  biburl       \mathop{=} {https://dblp.org/rec/journals/aaecc/Lucas06.bib},
  bibsource    \mathop{=} {dblp computer science bibliography, https://dblp.org}
}


@article{DBLP:journals/fuin/CorradiniMR96,
  author       \mathop{=} {Andrea Corradini and
                  Ugo Montanari and
                  Francesca Rossi},
  title        \mathop{=} {Graph Processes},
  journal      \mathop{=} {Fundam. Informaticae},
  volume       \mathop{=} {26},
  number       \mathop{=} {3/4},
  pages        \mathop{=} {241--265},
  year         \mathop{=} {1996},
  url          \mathop{=} {https://doi.org/10.3233/FI-1996-263402},
  doi          \mathop{=} {10.3233/FI-1996-263402},
  timestamp    \mathop{=} {Tue, 23 Jan 2024 13:25:44 +0100},
  biburl       \mathop{=} {https://dblp.org/rec/journals/fuin/CorradiniMR96.bib},
  bibsource    \mathop{=} {dblp computer science bibliography, https://dblp.org}
}

 
@article{matiyasevivc2003enumerable,
  title={Enumerable sets are diophantine},
  author={Yuri Matiyasevich},
  journal={Mathematical logic in the 20th century},
  pages={269--273},
  year={2003},
  publisher={Singapore University Press Singapore}
}


@article{collins1974quantifier,
  author       \mathop{=} {George E. Collins},
  title        \mathop{=} {Quantifier elimination for real closed fields by cylindrical algebraic
                  decomposition-preliminary report},
  journal      \mathop{=} {{SIGSAM} Bull.},
  volume       \mathop{=} {8},
  number       \mathop{=} {3},
  pages        \mathop{=} {80--90},
  year         \mathop{=} {1974},
  url          \mathop{=} {https://doi.org/10.1145/1086837.1086852},
  doi          \mathop{=} {10.1145/1086837.1086852},
  timestamp    \mathop{=} {Mon, 18 May 2020 17:44:21 +0200},
  biburl       \mathop{=} {https://dblp.org/rec/journals/cca/Collins74.bib},
  bibsource    \mathop{=} {dblp computer science bibliography, https://dblp.org}
}


@book{marker2006model,
  title={Model theory: an introduction},
  author={Marker, David},
  volume={217},
  year={2006},
  publisher={Springer New York, NY},
  doi ={10.1007/b98860}
}






@article{klop1987term,
  title     \mathop{=} {Term Rewriting Systems: A Tutorial},
  author    \mathop{=} {Jan Willem Klop},
  journal   \mathop{=} {Bulletin of the European Association for Theoretical Computer Science},
  year      \mathop{=} {1987}
}


@inproceedings{monniaux2016survey,
  author       \mathop{=} {David Monniaux},
  editor       \mathop{=} {Vladimir P. Gerdt and
                  Wolfram Koepf and
                  Werner M. Seiler and
                  Evgenii V. Vorozhtsov},
  title        \mathop{=} {A Survey of Satisfiability Modulo Theory},
  booktitle    \mathop{=} {Computer Algebra in Scientific Computing - 18th International Workshop,
                  {CASC} 2016, Bucharest, Romania, September 19-23, 2016, Proceedings},
  series       \mathop{=} {Lecture Notes in Computer Science},
  volume       \mathop{=} {9890},
  pages        \mathop{=} {401--425},
  publisher    \mathop{=} {Springer},
  year         \mathop{=} {2016},
  url          \mathop{=} {https://doi.org/10.1007/978-3-319-45641-6\_26},
  doi          \mathop{=} {10.1007/978-3-319-45641-6\_26},
  timestamp    \mathop{=} {Tue, 14 May 2019 10:00:46 +0200},
  biburl       \mathop{=} {https://dblp.org/rec/conf/casc/Monniaux16.bib},
  bibsource    \mathop{=} {dblp computer science bibliography, https://dblp.org}
}

@inproceedings{corradini2006sesqui,
  author       \mathop{=} {Andrea Corradini and
                  Tobias Heindel and
                  Frank Hermann and
                  Barbara K{\"{o}}nig},
  editor       \mathop{=} {Andrea Corradini and
                  Hartmut Ehrig and
                  Ugo Montanari and
                  Leila Ribeiro and
                  Grzegorz Rozenberg},
  title        \mathop{=} {Sesqui-Pushout Rewriting},
  booktitle    \mathop{=} {Graph Transformations, Third International Conference, {ICGT} 2006,
                  Natal, Rio Grande do Norte, Brazil, September 17-23, 2006, Proceedings},
  series       \mathop{=} {Lecture Notes in Computer Science},
  volume       \mathop{=} {4178},
  pages        \mathop{=} {30--45},
  publisher    \mathop{=} {Springer},
  year         \mathop{=} {2006},
  url          \mathop{=} {https://doi.org/10.1007/11841883\_4},
  doi          \mathop{=} {10.1007/11841883\_4},
  timestamp    \mathop{=} {Sat, 04 Apr 2020 17:15:23 +0200},
  biburl       \mathop{=} {https://dblp.org/rec/conf/gg/CorradiniHHK06.bib},
  bibsource    \mathop{=} {dblp computer science bibliography, https://dblp.org}
}

@inproceedings{ehrig2004adhesive,
  author       \mathop{=} {Hartmut Ehrig and
                  Annegret Habel and
                  Julia Padberg and
                  Ulrike Prange},
  editor       \mathop{=} {Hartmut Ehrig and
                  Gregor Engels and
                  Francesco Parisi{-}Presicce and
                  Grzegorz Rozenberg},
  title        \mathop{=} {Adhesive High-Level Replacement Categories and Systems},
  booktitle    \mathop{=} {Graph Transformations, Second International Conference, {ICGT} 2004,
                  Rome, Italy, September 28 - October 2, 2004, Proceedings},
  series       \mathop{=} {Lecture Notes in Computer Science},
  volume       \mathop{=} {3256},
  pages        \mathop{=} {144--160},
  publisher    \mathop{=} {Springer},
  year         \mathop{=} {2004},
  url          \mathop{=} {https://doi.org/10.1007/978-3-540-30203-2\_12},
  doi          \mathop{=} {10.1007/978-3-540-30203-2\_12},
  timestamp    \mathop{=} {Tue, 14 May 2019 10:00:49 +0200},
  biburl       \mathop{=} {https://dblp.org/rec/conf/gg/EhrigHPP04.bib},
  bibsource    \mathop{=} {dblp computer science bibliography, https://dblp.org}
}

@article{dershowitz2024drag,
  author       \mathop{=} {Nachum Dershowitz and
                  Jean{-}Pierre Jouannaud and
                  Fernando Orejas},
  title        \mathop{=} {Drag Rewriting},
  journal      \mathop{=} {CoRR},
  volume       \mathop{=} {abs/2406.16046},
  year         \mathop{=} {2024},
  url          \mathop{=} {https://doi.org/10.48550/arXiv.2406.16046},
  doi          \mathop{=} {10.48550/ARXIV.2406.16046},
  eprinttype    \mathop{=} {arXiv},
  eprint       \mathop{=} {2406.16046},
  timestamp    \mathop{=} {Tue, 16 Jul 2024 16:17:57 +0200},
  biburl       \mathop{=} {https://dblp.org/rec/journals/corr/abs-2406-16046.bib},
  bibsource    \mathop{=} {dblp computer science bibliography, https://dblp.org}
}

@article{bauderon2001pullback,
  author       \mathop{=} {Michel Bauderon and
                  H{\'{e}}l{\`{e}}ne Jacquet},
  title        \mathop{=} {Pullback as a Generic Graph Rewriting Mechanism},
  journal      \mathop{=} {Appl. Categorical Struct.},
  volume       \mathop{=} {9},
  number       \mathop{=} {1},
  pages        \mathop{=} {65--82},
  year         \mathop{=} {2001},
  url          \mathop{=} {https://doi.org/10.1023/A:1008610714027},
  doi          \mathop{=} {10.1023/A:1008610714027},
  timestamp    \mathop{=} {Tue, 29 Sep 2020 10:59:10 +0200},
  biburl       \mathop{=} {https://dblp.org/rec/journals/acs/BauderonJ01.bib},
  bibsource    \mathop{=} {dblp computer science bibliography, https://dblp.org}
}

@inproceedings{corradini2015agree,
  author       \mathop{=} {Andrea Corradini and
                  Dominique Duval and
                  Rachid Echahed and
                  Fr{\'{e}}d{\'{e}}ric Prost and
                  Leila Ribeiro},
  editor       \mathop{=} {Francesco Parisi{-}Presicce and
                  Bernhard Westfechtel},
  title        \mathop{=} {{AGREE} - Algebraic Graph Rewriting with Controlled Embedding},
  booktitle    \mathop{=} {Graph Transformation - 8th International Conference, {ICGT} 2015,
                  Held as Part of {STAF} 2015, L'Aquila, Italy, July 21-23, 2015. Proceedings},
  series       \mathop{=} {Lecture Notes in Computer Science},
  volume       \mathop{=} {9151},
  pages        \mathop{=} {35--51},
  publisher    \mathop{=} {Springer},
  year         \mathop{=} {2015},
  url          \mathop{=} {https://doi.org/10.1007/978-3-319-21145-9\_3},
  doi          \mathop{=} {10.1007/978-3-319-21145-9\_3},
  timestamp    \mathop{=} {Fri, 09 Apr 2021 18:42:13 +0200},
  biburl       \mathop{=} {https://dblp.org/rec/conf/gg/CorradiniDEPR15.bib},
  bibsource    \mathop{=} {dblp computer science bibliography, https://dblp.org}
}

@article{corradini2019thepbpo,
  author       \mathop{=} {Andrea Corradini and
                  Dominique Duval and
                  Rachid Echahed and
                  Fr{\'{e}}d{\'{e}}ric Prost and
                  Leila Ribeiro},
  title        \mathop{=} {The {PBPO} graph transformation approach},
  journal      \mathop{=} {J. Log. Algebraic Methods Program.},
  volume       \mathop{=} {103},
  pages        \mathop{=} {213--231},
  year         \mathop{=} {2019},
  url          \mathop{=} {https://doi.org/10.1016/j.jlamp.2018.12.003},
  doi          \mathop{=} {10.1016/J.JLAMP.2018.12.003},
  timestamp    \mathop{=} {Sun, 19 Jan 2025 14:28:15 +0100},
  biburl       \mathop{=} {https://dblp.org/rec/journals/jlp/CorradiniDEPR19.bib},
  bibsource    \mathop{=} {dblp computer science bibliography, https://dblp.org}
}

@article{braatz2011how,
  author       \mathop{=} {Benjamin Braatz and
                  Ulrike Golas and
                  Thomas Soboll},
  title        \mathop{=} {How to delete categorically - Two pushout complement constructions},
  journal      \mathop{=} {J. Symb. Comput.},
  volume       \mathop{=} {46},
  number       \mathop{=} {3},
  pages        \mathop{=} {246--271},
  year         \mathop{=} {2011},
  url          \mathop{=} {https://doi.org/10.1016/j.jsc.2010.09.007},
  doi          \mathop{=} {10.1016/J.JSC.2010.09.007},
  timestamp    \mathop{=} {Wed, 17 Feb 2021 08:56:47 +0100},
  biburl       \mathop{=} {https://dblp.org/rec/journals/jsc/BraatzGS11.bib},
  bibsource    \mathop{=} {dblp computer science bibliography, https://dblp.org}
}


